@Techreport{hopspack,
    title = {{HOPSPACK 2.0 User Manual}},
    author = {Todd D. Plantenga},
    institution = {Sandia National Laboratories, Albuquerque, NM and
        Livermore, CA},
    year = {2009},
    month = {October},
    number = {SAND2009-6265},
}
@Misc{scipy,
    title = {{Module SciPy.optimize.anneal}},
    howpublished =
        "\url{http://www.scipy.org/doc/api_docs/Scipy.optimize.anneal.html}",
    note = "[Online; accessed 4-February-2011]",
}
@Misc{wagner,
    title = {Python Simulated Annealing Module},
    author = {Rick Wagner},
    howpublished = "\url{http://www-personal.umich.edu/~wagnerr/PythonAnneal.html}",
    note = "[Online; accessed 4-February-2011]",
}
@Misc{asamin,
    title = {{Computer Programs}},
    author = {Shinichi Sakata},
    howpublished =
        "\url{http://faculty.arts.ubc.ca/ssakata/public_html/software/}",
    note = "[Online; accessed 4-February-2011]",
}
@Article{kassem,
    title = {{Synthetic Acceleration Methods for Linear Transport Problems with
    Highly Anisotropic Scattering}},
    author = {Kassem M. Khattab and Edward W. Larsen},
    journal = {Nuclear Science and Engineering},
    year ={1991},
    volume = {107},
    pages = {217-227},
}
@Article{russe,
    title = {{Experience in the Use of the Consistent P1 Synthetic Acceleration
    Scheme for Sn Transport Equation in 2D Geometry}},
    author = {Andrei M. Voloschenko},
    journal = {Proceedings of International Conference on Mathematics and
        Computations, Reactor Physics, and Environmental Analysis in Nuclear
            Applications, Madrid,Spain},
    year = {1999},
    month = {September},
    volume = {1},
    pages = {104-113},
}
@Article{adams,
    title = {{Fast iterative methods for discrete-ordinates particle transport
        calculations}},
    author = {Marvin L. Adams and Edward W. Larsen},
    journal = {Progress in Nuclear Energy},
    year = {2002},
    volume = {40},
    pages = {3-159},
}
@Article{multisweep,
    title = {{Diffusion-synthetic acceleration given anisotropic scattering,
        general quadratures, and multidimensions}},
    author = {Marvin L. Adams and Todd A. Wareing},
    journal = {Conference: American Nuclear Society(ANS) annual meeting, San
        Diego},
    year = {1993},
    month = {June},
    volume = {68},
}
@Article{mem,
    title = {{Comparison of a finite-element multigroup discrete-ordinates codes
        with Monte-Carlo for radiotherapy calculations}},
    author = {Kent A. Gifford and John L. Horton Jr. and Todd A. Wareing and
        Gregory Failla \and Firas Mourtada},
    journal = {Physics in Medicine and Biology},
    year = {2006},
    volume = {51},
}
@Article{larsen,
    title = {{The linear Boltzmann equation in optically thick systems with
        forward-peaked scattering.}},
    author = {Edward W. Larsen},
    journal = {Progress in Nuclear Energy},
    year = {1999},
    volume = {34},
} 
@Article{morel_81,
    title = {{Fokker-Planck Calculations Using Standard Discrete Ordinates
        Transport Codes}},
    author = {J.E. Morel},
    journal = {Nuclear Science and Engineering},
    year = {1981},
    volume = {79},
}
@Article{morel_96,
    title = {{A Hybrid Multigroup/Continuous-Energy Monte-Carlo Method for Solving
        the Boltzmann-Fokker-Planck Equation}},
    author = {J.E. Morel and D.P. Sloan},
    journal = {Nuclear Science and Engineering},
    year = {1996},
    volume = {124},
}
@Article{morel_fp1,
    title = {{An improved Fokker-Planck differencing scheme}},
    author = {J.E. Morel},
    journal = {Nuclear Science and Engineering},
    year = {1985},
    volume = {89},
}
@Article{morel_fp2,
    title = {{A discretization scheme for the three-dimensional angular
        Fokker-Planck operator}},
    author = {J.E. Morel and A. Prinja and J.M. McGhee and T.A. Wareing},
    journal = {Nuclear Science and Engineering},
    year = {2007},
    volume = {156},
}
@Article{cepxs,
    title = {{CEPXS/ONELD 1.0 manual user}},
    journal = {RSICC Computer Code Collection},
}
@Article{saaf,
    title = {{Finite Element Solution of the Self-Adjoint Angular Flux Equation
        for Coupled Electron-Photon Transport}},
    author = {Jennifer L. Liscum-Powell and Anil K. Prinja and Jim E. Morel
        and Leonard J. Lorence,Jr.},
    journal = {Nuclear Science and Engineering},
    year = {2002},
    volume = {142},
    pages ={270-291},
}
@Article{fem,
    title = {{Finite Element method for charged-particle calculations}},
    author = {Honrubia J.J. and Aragones J.M.},
    journal = {Nuclear Science and Engineering},
    year = {1986},
    volume = {93},
    pages = {386-402},
}
@Article{acuros,
    title = {{Validation of a new grid-based Boltzmann equation solver for dose
        calculation in radiotherapy with photo beams.}},
    author = {Oleg N. Vassiliev and Todd A. Wareing and John McGhee and Gregory
        Failla and Mohammad R. Salehpour and Firas Mourtada},
    journal = {Physics in Medicine and Biology},
    year = {2010},
    volume = {55},
}
@Article{seco,
    title = {{Head-and-neck IMRT treatments assessed with a Monte-Carlo dose
        calculation engine}},
    author = {J. Seco and E. Adams and M. Bidmead and M. Partridge and F.
        Verhaegen},
    journal = {Physics in Medicine and Biology},
    year = {2005},
    volume = {50},
}
@Article{krieger,
    title = {{Monte-Carlo- versus pencil-beam-/collapsed-cone-dose calculation
        in a heterogeneous multi-layer phantom}},
    author = {Thomas Krieger and Otto A Sauer},
    journal = {Physics in Medicine and Biology},
    year = {2005},
    volume = {50},
}
@Article{graal,
    title = {{A Hybrid Collocation-Galerkin-Sn Method for Solving the Boltzmann
        Transport Equation}},
    author = {J. E. Morel},
    journal = {Nuclear Science and Engineering},
    year = {1989},
    volume = {101},
}
@Article{minima,
    title = {{Multiple local minima in radiotherapy optimization problems with
        dose-volume constraints}},
    author = {J. O. Deasy},
    journal = {American Association of Physicists in Medicine},
    year = {1997},
    month = {July},
    volume = {24},
    pages = {1157-1161},
}
@Article{dose-volume,
    title = {{An optimization algorithm for intensity modulated radiotherapy -
        The simulated dynamics with dose-volume constraints}},
    author = {Qing Hou and Jun Wang and Yan Chen and James M. Gavin},
    journal = {American Association of Physicists in Medicine},
    year = {2002},
    month = {December},
    volume = {30},
    pages = {61-68},
}
@Article{math,
    title = {{Optimizing the Delivery of Radiation Therapy to Cancer
        Patients}},
    author = {David M. Shepard and Michael C. Ferris and Gustavo H. Olvera and T. Rockwell Mackie},
    journal = {Society for Industrial and Applied Mathematics},
    year = {1999},
    volume = {41},
    pages = {721-744},
}
@Article{complexity,
    title = {{Optimization of intensity modulated radiation therapy :
        assessing the complexity of the problem}},
    author = {Simona Marzi and Maurizio Mattia and Paolo Del Giudice and Barbara Caccia and Marcello Benassi},
    journal = {Annali dell'Istituto Superiori di Sanita},
    year = {2001},
    volume = {37},
    pages = {225-230},
}
@Article{jcam,
    title = {{A two-mesh refinement technique for SN neutral-particle
        transport using a higher-order DGFEM}},
    journal = {Journal of computational and applied mathematics, Volume 233, Issue 12,15 April 2010, Pages 3178-3188},
    author = {Jean C. Ragusa and Yaqi Wang}
}
@Article{progressive,
    title = {{Parallel Progressive Ray-tracing}},
    author = {Irena Notkin and Craig Gotsman},
    journal = {Computer graphics forum},
    year = {1997},
    volume = {16},
    pages = {43-55},
}
@Article{data,
    title = {{A Data Parallel Algorithm for Raytracing of Heterogeneous
        Databases}},
    author = {Peter Sch\"{o}der and Steven M. Drucker},
    journal = {Proceedings of the conference on Graphics interface},
    year = {1992},
}
@Article{gpu,
    title = {{Real-time dose computation: GPU-accelerated source modeling and
        superposition/convolution}},
    author = {Robert Jacques and John Wong and Russel Taylor and Todd McNutt},
    journal = {Medical Physics},
    year = {2011},
    volume = {38},
    pages = {294-305},
}
@Book{python,
    title = {{ACM Transactions on Mathenatical Software}},
    author = {C. Zhu and R. H. Byrd and J. Nocedal},
    year = {1997},
}
@Book{livre,
    title = {{Global Optimization with Non-Convex Constraints}},
    author = {Roman G. Strongin and Yaroslav D. Sergeyev},
    year = {2000},
}
@Book{radiation,
    title = {{Atoms, Radiation, and Radiation Protection}},
    author = {James E. Turner},
    publisher = {John Wiley \& Sons, Inc.},
    edition = {second},
    year = {1995},
}
